@book{cavalieri_1653, 
    place={Bononiae}, 
    title={Geometria Indivisibilibus Continuorum Nova Quadam Ratione Promota}, 
    publisher={Ducius}, 
    author={Cavalieri, Bonaventura},
    year={1653}
} 
 
 @misc{bogomolny, 
    title={Volume of an Elliptic Paraboloid}, url={cut-the-knot.org/Generalization/Cavalieri4.shtml}, 
    journal={Cut the Knot}, 
    author={Bogomolny, Alexander}
} 

@misc{weisstein, 
    title={Elliptic paraboloid}, 
    url={https://mathworld.wolfram.com/EllipticParaboloid.html}, 
    journal={Wolfram MathWorld}, 
    author={Weisstein, Eric W}
} 